%% This BibTeX bibliography file was created using BibDesk.
%% http://bibdesk.sourceforge.net/


%% Created for Dmitry at 2013-01-20 16:56:30 +0400 


%% Saved with string encoding Unicode (UTF-8) 



@article{opticalflow,
	Author = {S. S. Beauchemin},
	Date-Added = {2013-01-20 12:54:28 +0000},
	Date-Modified = {2013-01-20 12:56:13 +0000},
	Journal = {ACM Computing Surveys},
	Title = {The computation of optical flow},
	Year = {1995},
	Bdsk-File-1 = {YnBsaXN0MDDUAQIDBAUIJidUJHRvcFgkb2JqZWN0c1gkdmVyc2lvblkkYXJjaGl2ZXLRBgdUcm9vdIABqAkKFRYXGyIjVSRudWxs0wsMDQ4RElpOUy5vYmplY3RzViRjbGFzc1dOUy5rZXlzog8QgASABoAHohMUgAKAA1lhbGlhc0RhdGFccmVsYXRpdmVQYXRo0hgMGRpXTlMuZGF0YU8RAd4AAAAAAd4AAgAADE1hY2ludG9zaCBIRAAAAAAAAAAAAAAAAAAAAMq1xVhIKwAAA3i0wh9Db21wdXRhdGlvbiBvZiBPcHRpY2FsIEZsb3cucGRmAAAAAAAAAAAAAAAAAAAAAAAAAAAAAAAAAAAAAAAAAAADgH4CzSHQ2QAAAAAAAAAAAAEAAwAACSAAAAAAAAAAAAAAAAAAAAAEYmlibAAQAAgAAMq1jRgAAAARAAgAAM0hmJkAAAABABQDeLTCA3i0fAAMS6AABR+SAADAIwACAFNNYWNpbnRvc2ggSEQ6VXNlcnM6AG1hY2Jvb2s6AFByb2plY3RzOgBkcmFmdDoAYmlibDoAQ29tcHV0YXRpb24gb2YgT3B0aWNhbCBGbG93LnBkZgAADgBAAB8AQwBvAG0AcAB1AHQAYQB0AGkAbwBuACAAbwBmACAATwBwAHQAaQBjAGEAbAAgAEYAbABvAHcALgBwAGQAZgAPABoADABNAGEAYwBpAG4AdABvAHMAaAAgAEgARAASAEFVc2Vycy9tYWNib29rL1Byb2plY3RzL2RyYWZ0L2JpYmwvQ29tcHV0YXRpb24gb2YgT3B0aWNhbCBGbG93LnBkZgAAEwABLwAAFQACAA7//wAAgAXSHB0eH1gkY2xhc3Nlc1okY2xhc3NuYW1lox8gIV1OU011dGFibGVEYXRhVk5TRGF0YVhOU09iamVjdF8QJGJpYmwvQ29tcHV0YXRpb24gb2YgT3B0aWNhbCBGbG93LnBkZtIcHSQloiUhXE5TRGljdGlvbmFyeRIAAYagXxAPTlNLZXllZEFyY2hpdmVyAAgAEQAWAB8AKAAyADUAOgA8AEUASwBSAF0AZABsAG8AcQBzAHUAeAB6AHwAhgCTAJgAoAKCAoQCiQKSAp0CoQKvArYCvwLmAusC7gL7AwAAAAAAAAACAQAAAAAAAAAoAAAAAAAAAAAAAAAAAAADEg==}}

@book{marr,
	Author = {D. Marr},
	Date-Added = {2013-01-20 10:16:49 +0000},
	Date-Modified = {2013-01-20 11:54:50 +0000},
	Publisher = {W.H. Freeman and Company.},
	Title = {Vision. A Computational Investigation into the Human Representation and Processing of Visual Information.},
	Year = {1982}}

@manual{harris_corner_detector,
	Author = {Chris Harris},
	Date-Added = {2013-01-14 00:39:57 +0000},
	Date-Modified = {2013-01-14 00:43:04 +0000},
	Title = {A COMBINED CORNER AND EDGE DETECTOR},
	Year = {1988},
	Bdsk-File-1 = {YnBsaXN0MDDUAQIDBAUIJidUJHRvcFgkb2JqZWN0c1gkdmVyc2lvblkkYXJjaGl2ZXLRBgdUcm9vdIABqAkKFRYXGyIjVSRudWxs0wsMDQ4RElpOUy5vYmplY3RzViRjbGFzc1dOUy5rZXlzog8QgASABoAHohMUgAKAA1lhbGlhc0RhdGFccmVsYXRpdmVQYXRo0hgMGRpXTlMuZGF0YU8RAZgAAAAAAZgAAgAADE1hY2ludG9zaCBIRAAAAAAAAAAAAAAAAAAAAMq1xVhIKwAAA3i0wg5hdmMtODgtMDIzLnBkZgAAAAAAAAAAAAAAAAAAAAAAAAAAAAAAAAAAAAAAAAAAAAAAAAAAAAAAAAAAAAAAAAADeLTNzRkuEgAAAAAAAAAAAAEAAwAACSAAAAAAAAAAAAAAAAAAAAAEYmlibAAQAAgAAMq1jRgAAAARAAgAAM0Y9dIAAAABABQDeLTCA3i0fAAMS6AABR+SAADAIwACAEJNYWNpbnRvc2ggSEQ6VXNlcnM6AG1hY2Jvb2s6AFByb2plY3RzOgBkcmFmdDoAYmlibDoAYXZjLTg4LTAyMy5wZGYADgAeAA4AYQB2AGMALQA4ADgALQAwADIAMwAuAHAAZABmAA8AGgAMAE0AYQBjAGkAbgB0AG8AcwBoACAASABEABIAMFVzZXJzL21hY2Jvb2svUHJvamVjdHMvZHJhZnQvYmlibC9hdmMtODgtMDIzLnBkZgATAAEvAAAVAAIADv//AACABdIcHR4fWCRjbGFzc2VzWiRjbGFzc25hbWWjHyAhXU5TTXV0YWJsZURhdGFWTlNEYXRhWE5TT2JqZWN0XxATYmlibC9hdmMtODgtMDIzLnBkZtIcHSQloiUhXE5TRGljdGlvbmFyeRIAAYagXxAPTlNLZXllZEFyY2hpdmVyAAgAEQAWAB8AKAAyADUAOgA8AEUASwBSAF0AZABsAG8AcQBzAHUAeAB6AHwAhgCTAJgAoAI8Aj4CQwJMAlcCWwJpAnACeQKPApQClwKkAqkAAAAAAAACAQAAAAAAAAAoAAAAAAAAAAAAAAAAAAACuw==}}

@manual{lucasKanade,
	Address = {Pittsburgh, Pennsylvania 15213},
	Author = {Bruce D. Lucas, Takeo Kanade},
	Date-Added = {2013-01-10 00:04:15 +0000},
	Date-Modified = {2013-01-10 00:20:45 +0000},
	Organization = {Computer Science Department Carnegie-Mellon University},
	Title = {An Iterative Image Registration Technique with an Application to Stereo Vision},
	Year = {1981},
	Bdsk-File-1 = {YnBsaXN0MDDUAQIDBAUIJidUJHRvcFgkb2JqZWN0c1gkdmVyc2lvblkkYXJjaGl2ZXLRBgdUcm9vdIABqAkKFRYXGyIjVSRudWxs0wsMDQ4RElpOUy5vYmplY3RzViRjbGFzc1dOUy5rZXlzog8QgASABoAHohMUgAKAA1lhbGlhc0RhdGFccmVsYXRpdmVQYXRo0hgMGRpXTlMuZGF0YU8RAY4AAAAAAY4AAgAADE1hY2ludG9zaCBIRAAAAAAAAAAAAAAAAAAAAMq1xVhIKwAAAAUf3BFsdWNhc2thbmFkZTgxLnBkZgAAAAAAAAAAAAAAAAAAAAAAAAAAAAAAAAAAAAAAAAAAAAAAAAAAAAAAAAAAAAADc2LAzRPnhwAAAAAAAAAAAAIAAgAACSAAAAAAAAAAAAAAAAAAAAAJRG93bmxvYWRzAAAQAAgAAMq1jRgAAAARAAgAAM0Tr0cAAAABAAwABR/cAAUfkgAAwCMAAgA5TWFjaW50b3NoIEhEOlVzZXJzOgBtYWNib29rOgBEb3dubG9hZHM6AGx1Y2Fza2FuYWRlODEucGRmAAAOACQAEQBsAHUAYwBhAHMAawBhAG4AYQBkAGUAOAAxAC4AcABkAGYADwAaAAwATQBhAGMAaQBuAHQAbwBzAGgAIABIAEQAEgApVXNlcnMvbWFjYm9vay9Eb3dubG9hZHMvbHVjYXNrYW5hZGU4MS5wZGYAABMAAS8AABUAAgAO//8AAIAF0hwdHh9YJGNsYXNzZXNaJGNsYXNzbmFtZaMfICFdTlNNdXRhYmxlRGF0YVZOU0RhdGFYTlNPYmplY3RfECEuLi8uLi9Eb3dubG9hZHMvbHVjYXNrYW5hZGU4MS5wZGbSHB0kJaIlIVxOU0RpY3Rpb25hcnkSAAGGoF8QD05TS2V5ZWRBcmNoaXZlcgAIABEAFgAfACgAMgA1ADoAPABFAEsAUgBdAGQAbABvAHEAcwB1AHgAegB8AIYAkwCYAKACMgI0AjkCQgJNAlECXwJmAm8CkwKYApsCqAKtAAAAAAAAAgEAAAAAAAAAKAAAAAAAAAAAAAAAAAAAAr8=}}
